%% done:
@article{dean2008mapreduce,
  title={MapReduce: Simplified Data Processing on Large Clusters},
  author={Dean, Jeffrey and Ghemawat, Sanjay},
  journal={Communications of the ACM},
  volume={51},
  number={1},
  pages={107--113},
  year={2008},
  publisher={ACM New York, NY, USA}
}

@inproceedings{wang2009kepler,
  title={Kepler + Hadoop: A General Architecture Facilitating Data-Intensive Applications in Scientific Workflow Systems},
  author={Wang, Jianwu and Crawl, Daniel and Altintas, Ilkay},
  booktitle={Proceedings of the 4th Workshop on Workflows in Support of Large-Scale Science},
  pages={1--8},
  year={2009},
  publisher={},
  address={}
}

@inproceedings{shvachko2010hadoop,
  title={The Hadoop Distributed File System},
  author={Shvachko, Konstantin and Kuang, Hairong and Radia, Sanjay and Chansler, Robert},
  booktitle={2010 IEEE 26th symposium on mass storage systems and technologies (MSST)},
  pages={1--10},
  year={2010},
  organization={IEEE},
  publisher={},
  address={}
}

@online{BARC,
  author={Bange, Grosser and Janoschek, Carsten and Timm, Nikolai},
  year={2015},
  title={Big Data Use Cases Report},
  url={https://bi-survey.com/challenges-big-data-analytics},
  month={July},
  lastaccessed={December 20, 2020},
  organization={Business Application Research Center}
}

@Manual{cloudera,
  title={Client Configuration Files},
  organization={Cloudera, Inc.},
  month={May},
  year={2020},
  note= {\url{https://docs.cloudera.com/documentation/enterprise/5-3-x/topics/cm_mc_client_config.html}}
}

@Manual{hadoop,
  title={Apache Hadoop},
  organization={The Apache Software Foundation},
  month={},
  year={},
  note={\url{https://hadoop.apache.org/}}
}

@Manual{hadoopstreaming,
  title={Hadoop Streaming},
  organization={The Apache Software Foundation},
  month={August},
  year={2019},
  note={\url{https://hadoop.apache.org/docs/r1.2.1/streaming.html}}
}

@Manual{hadoopinst,
  title={Hadoop: Setting up a Single Node Cluster},
  organization={The Apache Software Foundation},
  month={September},
  year={2019},
  note={\url{https://hadoop.apache.org/docs/stable/hadoop-project-dist/hadoop-common/SingleCluster.html}}
}

@Manual{b2drop,
  title={B2DROP User Documentation},
  organization={EUDAT Collaborative Data Infrastructure},
  month={August},
  year={2019},
  note={\url{https://eudat.eu/services/userdoc/b2drop}}
}

@Manual{sqlite,
  title={sqlite3 — DB-API 2.0 interface for SQLite databases},
  organization={Python Software Foundation},
  month={December},
  year={2020},
  note={\url{https://docs.python.org/3/library/sqlite3.html}}
}

@Manual{googlecloudcrc,
  title={Validating data transfers between HDFS and Cloud Storage},
  organization={Google Cloud},
  month={November},
  year={2020},
  note={\url{https://cloud.google.com/solutions/migration/hadoop/validating-data-transfers}}
}

@Manual{hadoopcrc,
  title={Expose file-level composite CRCs in HDFS which are comparable across different instances/layouts},
  organization={The Apache Software Foundation},
  month={August},
  year={2019},
  note={\url{https://issues.apache.org/jira/browse/HDFS-13056}}
}

@Manual{owncloud,
  title={ownCloud Desktop Client Manual},
  organization={ownCloud GmbH},
  month={October},
  year={2018},
  note={\url{https://doc.owncloud.org/desktop/2.4/}}
}

@Manual{owncloudcsync,
  title={Appendix B: History and Architecture},
  organization={ownCloud GmbH},
  month={October},
  year={2018},
  note={\url{https://doc.owncloud.org/desktop/2.4/architecture.html\#appendix-b-history-and-architecture}}
}

@online{ownclouddropbox,
  author={ownCloud GmbH},
  year={},
  title={Compare file sharing solutions},
  url={https://owncloud.com/compare-filesharing/},
  month={},
  lastaccessed={December 21, 2020},
  organization={ownCloud GmbH}
}

@Manual{watchdog,
  title={watchdog 1.0.2},
  organization={Python Software Foundation},
  month={December},
  year={2020},
  note={\url{https://pypi.org/project/watchdog/}}
}

@incollection{khan2019big,
  title={Big data scientific workflows in the cloud: Challenges and future prospects},
  author={Khan, Samiya and Ali, Syed Arshad and Hasan, Nabeela and Shakil, Kashish Ara and Alam, Mansaf},
  booktitle={Cloud computing for geospatial big data analytics},
  pages={1--28},
  year={2019},
  publisher={Springer}
}


@Book{kiss,
  author={Charles Doyle},
  year={2011},
  title={A Dictionary of Marketing},
  series={},
  volume={},
  address={},
  publisher={Oxford University Press},
  doi={10.1093/acref/9780199590230.001.0001},
  url={https://www.oxfordreference.com/view/10.1093/acref/9780199590230.001.0001/acref-9780199590230-e-0956},
  editor={},
  number={},
  month={},
  note={}
}

@online{excel,
  author={Ashvini Sharma and Charlie Ellis},
  year={2016},
  title={Excel and big data},
  url={https://www.microsoft.com/en-us/microsoft-365/blog/2016/06/23/excel-and-big-data/},
  month={June},
  lastaccessed={December 22, 2020},
  organization={Microsoft}
}

@Manual{dropbox,
  title={What is Dropbox - Features Overview - Dropbox},
  organization={Dropbox},
  month={},
  year={},
  note={\url{https://www.dropbox.com/features}}
}

@misc{atkinson_malcolm_2018,
  author       = {Atkinson, Malcolm},
  title        = {Pushing the Limits of Data Powered Research},
  month        = jan,
  year         = 2018,
  publisher    = {Zenodo},
  doi          = {10.5281/zenodo.1164420},
  url          = {https://doi.org/10.5281/zenodo.1164420}
}

@article{dare,
  doi = {10.21105/joss.02664},
  url = {https://doi.org/10.21105/joss.02664},
  year = {2020},
  publisher = {The Open Journal},
  volume = {5},
  number = {54},
  pages = {2664},
  author = {Iraklis A. Klampanos and Chrysoula Themeli and Alessandro Spinuso and Rosa Filgueira and Malcolm Atkinson and André Gemünd and Vangelis Karkaletsis},
  title = {DARE Platform\: a Developer-Friendly and Self-Optimising Workflows-as-a-Service Framework for e-Science on the Cloud},
  journal = {Journal of Open Source Software}
}

@INPROCEEDINGS{kepler,
  author={I. {Altintas} and C. {Berkley} and E. {Jaeger} and M. {Jones} and B. {Ludascher} and S. {Mock}},
  booktitle={Proceedings. 16th International Conference on Scientific and Statistical Database Management, 2004.}, 
  title={Kepler: an extensible system for design and execution of scientific workflows}, 
  year={2004},
  volume={},
  number={},
  pages={423-424},
  doi={10.1109/SSDM.2004.1311241}}

@article{pegasus,
author={Ewa Deelman and Karan Vahi and Gideon Juve and Mats Rynge and Scott Callaghan and Philip J Maechling and Rajiv Mayani and Weiwei Chen and Ferreira da Silva, Rafael and Miron Livny and Kent Wenger},
url={http://pegasus.isi.edu/publications/2014/2014-fgcs-deelman.pdf},
title={Pegasus: a Workflow Management System for Science Automation},
journal={Future Generation Computer Systems},
volume={46},
pages={17--35},
year={2015},
note={Funding Acknowledgements: NSF ACI SDCI 0722019, NSF ACI SI2-SSI 1148515 and NSF OCI-1053575},
doi={10.1016/j.future.2014.10.008}
}


@INPROCEEDINGS{klampanos2019,  author={I. {Klampanos} and A. {Davvetas} and A. {Gemünd} and M. {Atkinson} and A. {Koukourikos} and R. {Filgueira} and A. {Krause} and A. {Spinuso} and A. {Charalambidis} and F. {Magnoni} and E. {Casarotti} and C. {Pagé} and M. {Lindner} and A. {Ikonomopoulos} and V. {Karkaletsis}},  booktitle={2019 15th International Conference on eScience (eScience)},   title={DARE: A Reflective Platform Designed to Enable Agile Data-Driven Research on the Cloud},   year={2019},  volume={},  number={},  pages={578-585},  doi={10.1109/eScience.2019.00079}}


%% to check
%https://cloud.google.com/solutions/migration/hadoop/hadoop-gcp-migration-data#using_distcp_to_copy_your_data_to_cloud_storage